<record><leader>00000cas a22000007a 4500</leader><controlfield tag="001">13212339</controlfield><controlfield tag="008">860228d19721976njuwr ne      0    0eng d</controlfield><datafield ind1=" " ind2=" " tag="010"><subfield code="a">sn 85035963 </subfield></datafield><datafield ind1=" " ind2=" " tag="040"><subfield code="a">NPA</subfield><subfield code="b">eng</subfield><subfield code="c">NPA</subfield><subfield code="d">OCLCQ</subfield></datafield><datafield ind1=" " ind2=" " tag="042"><subfield code="a">msc</subfield></datafield><datafield ind1="0" ind2=" " tag="130"><subfield code="a">Clifton news (Clifton, N.J.)</subfield></datafield><datafield ind1="1" ind2="4" tag="245"><subfield code="a">The Clifton news.</subfield></datafield><datafield ind1=" " ind2=" " tag="260"><subfield code="a">Clifton, N.J. :</subfield><subfield code="b">Richard M. DeMarco</subfield></datafield><datafield ind1=" " ind2=" " tag="300"><subfield code="a">v. :</subfield><subfield code="b">ill. ;</subfield><subfield code="c">38 cm.</subfield></datafield><datafield ind1=" " ind2=" " tag="310"><subfield code="a">Weekly</subfield></datafield><datafield ind1="1" ind2=" " tag="362"><subfield code="a">Began in 1972; ceased in 1976.</subfield></datafield><datafield ind1=" " ind2=" " tag="588"><subfield code="a">Description based on: Vol. 3, no. 50 (Dec. 17, 1975).</subfield></datafield><datafield ind1=" " ind2=" " tag="752"><subfield code="a">United States</subfield><subfield code="b">New Jersey</subfield><subfield code="c">Passaic</subfield><subfield code="d">Clifton.</subfield></datafield><datafield ind1="0" ind2="7" tag="785"><subfield code="t">Clifton journal (Clifton, N.J.)</subfield><subfield code="w">(DLC)sn 85035700</subfield></datafield><datafield ind1="0" ind2="7" tag="785"><subfield code="t">Clifton news-journal</subfield><subfield code="w">(DLC)sn 85035964</subfield></datafield></record>